
%% KURSBOKEN
@book{lindholm2022machine,
  title={Machine learning: a first course for engineers and scientists},
  author={Lindholm, Andreas and Wahlstr{\"o}m, Niklas and Lindsten, Fredrik and Sch{\"o}n, Thomas B},
  year={2022},
  publisher={Cambridge University Press}
}

